% This file was created with JabRef 2.9b2.
% Encoding: ISO8859_1

@BOOK{Nonaka1997,
  title = {Die Organisation des Wissens: Wie japanische Unternehmen eine brachliegende Ressource nutzbar machen},
  author = {Nonaka, Ikujiro/Hirotaka Takeuchi/Friedrich Mader},
  year = {1997},
  publisher = {Campus Verlag}
}

@BOOK{Evans2004,
  title = {Domain-driven Design: Tackling Complexity in the Heart of Software},
  author = {Evans, Eric},
  year = {2004},
  publisher = {Addison-Wesley}
}

@ONLINE{Coursera2022peer,
  title= {Write Peer Reviews},
  author = {{Coursera Inc.}},
  year = {2022},
  url = {https://www.coursera.support/s/article/209818803-Write-peer-reviews?language=en_US},
  urldate = {2022-04-05}
}

@ONLINE{Anderson2021,
  author = {Anderson, Benjamin},
  title = {SQL vs. NoSQL Databases: What's the Difference?},
  year = {2021},
  urldate = {2022-03-29},
  url = {https://www.ibm.com/cloud/blog/sql-vs-nosql}
}

@book{ries2011lean,
  title={The Lean Startup: How Today's Entrepreneurs Use Continuous Innovation to Create Radically Successful Businesses},
  author={Ries, Eric},
  isbn={9780307887917},
  lccn={2011012100},
  url={https://books.google.de/books?id=tvfyz-4JILwC},
  year={2011},
  publisher={Crown}
}

@book{rother2009toyota,
  title={Toyota Kata: Managing People for Improvement, Adaptiveness and Superior Results},
  author={Rother, Mike},
  isbn={9780071639859},
  lccn={2009016344},
  year={2009},
  publisher={McGraw-Hill Education}
}

@book{fitzpatrick2013mom,
  title={The Mom Test: How to talk to customers \& learn if your business is a good idea when everyone is lying to you},
  author={Fitzpatrick, Rob},
  isbn={9781492180746},
  lccn={2011026907},
  series={A foundercentric.com book},
  year={2013},
  publisher={CreateSpace Independent Publishing Platform}
}

@online{beck2001,
  title={Prinzipien hinter dem Agilen Manifest},
  author={Beck, Kent et al.},
  year={2001},
  url={https://agilemanifesto.org/iso/de/principles.html},
  urldate={2022-03-30}
}

@ONLINE{Coursera2022quiz,
  title= {Take quizzes},
  author = {{Coursera Inc.}},
  year = {2022},
  url = {https://www.coursera.support/s/article/209818703-Take-quizzes?language=en_US},
  urldate = {2022-04-05}
}

@ONLINE{Geier2022,
  title={Coursera Erfahrungen | Welche Zertifikate und Kosten?},
  author={Geier, Tim},
  year={2022},
  url={https://www.e-learning-plattformen.de/coursera-erfahrungen-welche-zertifikate-gibt-es/},
  urldate = {2022-04-05}
}

@ONLINE{RedhatServerless,
  title={Was ist Serverless?},
  author={Redhat},
  year={2017},
  url={https://www.redhat.com/de/topics/cloud-native-apps/what-is-serverless},
  urldate = {2022-02-02}
}

@ONLINE{ReactiveManifesto,
  title={Das Reaktive Manifest},
  author={Bonér, Jonas/Dave Farley/Roland Kuhn/Martin Thompson},
  year={2014},
  url={https://www.reactivemanifesto.org/de},
  urldate = {2022-02-08}
}

@ONLINE{supabase,
  title={Supabase/README.de.md},
  author={Supabase},
  year={2022},
  url={https://github.com/supabase/supabase/blob/master/i18n/README.de.md},
  urldate = {2022-02-16}
}

@ONLINE{SchaeferNoSql,
  title={NoSQL Vs SQL Databases},
  author={Schaefer, Lauren},
  year={2022},
  url={https://www.mongodb.com/nosql-explained/nosql-vs-sql},
  urldate={2022-02-16}
}

@ONLINE{PagePostgres,
  title={Project name - statement from the core team},
  author={Page, Dave},
  year={2007},
  url={https://www.postgresql.org/message-id/473D7617.6070900@postgresql.org},
  urldate={2022-03-29}
}

@ONLINE{PostgresAbout,
  title={PostgreSQL: About},
  author={{The PostgreSQL Global Development Group}},
  year={2022},
  url={https://www.postgresql.org/about/},
  urldate={2022-03-29}
}

@ONLINE{SupabaseFunctions,
  title={Supabase: Functions},
  author={Supabase},
  year={2022},
  url={https://supabase.com/docs/guides/database/functions},
  urldate={2022-03-29}
}


@ONLINE{svelteReactive,
  title={Svelte Tutorial, Reactivity / Declarations},
  author={Svelte},
  year={2022},
  url={https://svelte.dev/tutorial/reactive-declarations},
  urldate={2022-02-07}
}

@phdthesis{fielding00,
  author={Fielding, Roy Thomas},
  title={Architectural Styles and the Design of Network-based Software Architectures},
  year={2000},
  school={University of California, Irvine},
  url={https://www.ics.uci.edu/~fielding/pubs/dissertation/rest_arch_style.htm}
}

@ONLINE{Harris2018,
  title={Virtual DOM is pure overhead},
  author={Harris, Rich},
  year={2018},
  url={https://svelte.dev/blog/virtual-dom-is-pure-overhead},
  urldate={2022-02-06}
}

@ONLINE{Harris2021,
  title={Jamstack Conf Session: Transitional Apps},
  author={Harris, Rich},
  year={2021},
  url={https://jamstackconf.com/talk/c17544108e71/transitional-apps/},
  urldate={2022-02-07}
}

@ONLINE{Wearstler2022,
  title={Transitional Design Guide: Characteristics of Transitional Design},
  author={Wearstler, Kelly},
  year={2022},
  url={https://do6eyjibs3jse.cloudfront.net/articles/transitional-design-guide#4-characteristics-of-transitional-design},
  urldate={2022-02-07}
}

@ONLINE{North2006,
  title={Introducing BDD},
  author={North, Dan},
  year={2006},
  url={http://dannorth.net/introducing-bdd/},
  urldate={2022-04-06}
}

@ONLINE{Fowler2011,
  title={CQRS},
  author={Fowler, Martin},
  year={2011},
  url={https://www.martinfowler.com/bliki/CQRS.html},
  urldate={2022-04-01}
}

@ONLINE{Fowler2005,
  title={Event Sourcing},
  author={Fowler, Martin},
  year={2005},
  url={https://martinfowler.com/eaaDev/EventSourcing.html},
  urldate={2022-04-01}
}

@ARTICLE{Hewitt1973,
  author={Hewitt, Carl},
  title={A universal modular ACTOR formalism for artificial intelligence},
  year={1973},
  publisher={Morgan Kaufmann Publishers Inc.},
}

@ONLINE{Hewitt2010,
  title={Actor Model of Computation: Scalable Robust Information Systems},
  author={Hewitt, Carl},
  year={2010},
  url={https://arxiv.org/pdf/1008.1459.pdf},
  urldate={2022-04-11}
}

@ONLINE{Meulen2018,
  title={What Edge Computing Means For Infrastructure And Operations Leaders},
  author={Meulen, Rob van der},
  year={2018},
  url={https://www.gartner.com/smarterwithgartner/what-edge-computing-means-for-infrastructure-and-operations-leaders},
  urldate={2022-04-04}
}

@ONLINE{Schaeff2022,
  title={Community Day},
  author={Schaeff, Thor},
  year={2022},
  url={https://supabase.com/blog/2022/03/28/community-day},
  urldate={2022-04-04}
}

@ARTICLE{Sledzik2013,
  title={Schumpeter’s View on Innovation and Entrepreneurship},
  author={Śledzik, Karol},
  year={2013},
  isbn={9788055407364}
}

@ONLINE{Parameshwaren2022,
  title={Edge Functions are now available in Supabase},
  author={Parameshwaran, Inian},
  year={2022},
  url={https://supabase.com/blog/2022/03/31/supabase-edge-functions},
  urldate={2022-04-04}
}

@BOOK{Eyal2014,
  title={Wie Sie Produkte erschaffen, die süchtig machen},
  author={Eyal, Nir},
  year={2014},
  publisher={Redline Verlag}
}

@ONLINE{Udemy2022,
  title={Instructor Revenue Share},
  author={{Udemy, Inc.}},
  year={2022},
  url={https://support.udemy.com/hc/en-us/articles/229605008-Instructor-revenue-share},
  urldate = {2022-04-12}
}

@ONLINE{Dorsch2022,
  title={Stichwort: Multiple-Choice Antwortformat},
  author={Prof. em. Dr. Kubinger, Klaus D.},
  year={2022},
  url={https://dorsch.hogrefe.com/stichwort/multiple-choice-antwortformat/},
  urldate = {2022-04-25}
}

